{"symbol": "F", "annualReports": [{"fiscalDateEnding": "2019-12-31", "reportedCurrency": "USD", "totalRevenue": "155900000000", "totalOperatingExpense": "9472000000", "costOfRevenue": "143405000000", "grossProfit": "12495000000", "ebit": "606000000", "netIncome": "47000000", "researchAndDevelopment": "None", "effectOfAccountingCharges": "None", "incomeBeforeTax": "-640000000", "minorityInterest": "37000000", "sellingGeneralAdministrative": "11161000000", "otherNonOperatingIncome": "32000000", "operatingIncome": "519000000", "otherOperatingExpense": "None", "interestExpense": "-44000000", "taxProvision": "-819000000", "interestIncome": "8000000", "netInterestIncome": "-240000000", "extraordinaryItems": "-95000000", "nonRecurring": "None", "otherItems": "None", "incomeTaxExpense": "-724000000", "totalOtherIncomeExpense": "-974000000", "discontinuedOperations": "None", "netIncomeFromContinuingOperations": "84000000", "netIncomeApplicableToCommonShares": "47000000", "preferredStockAndOtherAdjustments": "None"}, {"fiscalDateEnding": "2018-12-31", "reportedCurrency": "USD", "totalRevenue": "160338000000", "totalOperatingExpense": "-20866000000", "costOfRevenue": "145730000000", "grossProfit": "14608000000", "ebit": "317596000000", "netIncome": "3677000000", "researchAndDevelopment": "8200000000", "effectOfAccountingCharges": "None", "incomeBeforeTax": "4345000000", "minorityInterest": "18000000", "sellingGeneralAdministrative": "11403000000", "otherNonOperatingIncome": "123000000", "operatingIncome": "3203000000", "otherOperatingExpense": "-9463000000", "interestExpense": "2000000", "taxProvision": "773000000", "interestIncome": "-248000000", "netInterestIncome": "-528000000", "extraordinaryItems": "123000000", "nonRecurring": "None", "otherItems": "None", "incomeTaxExpense": "650000000", "totalOtherIncomeExpense": "1670000000", "discontinuedOperations": "None", "netIncomeFromContinuingOperations": "3695000000", "netIncomeApplicableToCommonShares": "3677000000", "preferredStockAndOtherAdjustments": "None"}, {"fiscalDateEnding": "2017-12-31", "reportedCurrency": "USD", "totalRevenue": "156776000000", "totalOperatingExpense": "-11527000000", "costOfRevenue": "140367000000", "grossProfit": "16409000000", "ebit": "298827000000", "netIncome": "7731000000", "researchAndDevelopment": "8000000000", "effectOfAccountingCharges": "None", "incomeBeforeTax": "8159000000", "minorityInterest": "26000000", "sellingGeneralAdministrative": "11527000000", "otherNonOperatingIncome": "1201000000", "operatingIncome": "4881000000", "otherOperatingExpense": "None", "interestExpense": "1000000", "taxProvision": "922000000", "interestIncome": "463000000", "netInterestIncome": "-672000000", "extraordinaryItems": "520000000", "nonRecurring": "None", "otherItems": "None", "incomeTaxExpense": "520000000", "totalOtherIncomeExpense": "4007000000", "discontinuedOperations": "None", "netIncomeFromContinuingOperations": "7628000000", "netIncomeApplicableToCommonShares": "7731000000", "preferredStockAndOtherAdjustments": "None"}, {"fiscalDateEnding": "2016-12-31", "reportedCurrency": "USD", "totalRevenue": "151800000000", "totalOperatingExpense": "-12196000000", "costOfRevenue": "135042000000", "grossProfit": "16758000000", "ebit": "291011000000", "netIncome": "4589000000", "researchAndDevelopment": "7300000000", "effectOfAccountingCharges": "None", "incomeBeforeTax": "6784000000", "minorityInterest": "11000000", "sellingGeneralAdministrative": "10972000000", "otherNonOperatingIncome": "1780000000", "operatingIncome": "5786000000", "otherOperatingExpense": "None", "interestExpense": "-894000000", "taxProvision": "2184000000", "interestIncome": "1264000000", "netInterestIncome": "-600000000", "extraordinaryItems": "None", "nonRecurring": "None", "otherItems": "None", "incomeTaxExpense": "2189000000", "totalOtherIncomeExpense": "3280000000", "discontinuedOperations": "None", "netIncomeFromContinuingOperations": "4607000000", "netIncomeApplicableToCommonShares": "4589000000", "preferredStockAndOtherAdjustments": "None"}, {"fiscalDateEnding": "2015-12-31", "reportedCurrency": "USD", "totalRevenue": "149558000000", "totalOperatingExpense": "-857000000", "costOfRevenue": "126900000000", "grossProfit": "22658000000", "ebit": "279914000000", "netIncome": "7373000000", "researchAndDevelopment": "6700000000", "effectOfAccountingCharges": "None", "incomeBeforeTax": "10252000000", "minorityInterest": "-2000000", "sellingGeneralAdministrative": "10763000000", "otherNonOperatingIncome": "1818000000", "operatingIncome": "6982000000", "otherOperatingExpense": "-418000000", "interestExpense": "-3227000000", "taxProvision": "2881000000", "interestIncome": "1445000000", "netInterestIncome": "None", "extraordinaryItems": "None", "nonRecurring": "None", "otherItems": "None", "incomeTaxExpense": "2881000000", "totalOtherIncomeExpense": "2201000000", "discontinuedOperations": "None", "netIncomeFromContinuingOperations": "7371000000", "netIncomeApplicableToCommonShares": "7373000000", "preferredStockAndOtherAdjustments": "None"}], "quarterlyReports": [{"fiscalDateEnding": "2020-06-30", "reportedCurrency": "USD", "totalRevenue": "19371000000", "totalOperatingExpense": "2233000000", "costOfRevenue": "20150000000", "grossProfit": "-779000000", "ebit": "-2784000000", "netIncome": "1117000000", "researchAndDevelopment": "None", "effectOfAccountingCharges": "None", "incomeBeforeTax": "1084000000", "minorityInterest": "1000000", "sellingGeneralAdministrative": "1965000000", "otherNonOperatingIncome": "-25000000", "operatingIncome": "-2760000000", "otherOperatingExpense": "None", "interestExpense": "-450000000", "taxProvision": "-34000000", "interestIncome": "3171000000", "netInterestIncome": "-316000000", "extraordinaryItems": "None", "nonRecurring": "None", "otherItems": "None", "incomeTaxExpense": "-34000000", "totalOtherIncomeExpense": "4159000000", "discontinuedOperations": "None", "netIncomeFromContinuingOperations": "1118000000", "netIncomeApplicableToCommonShares": "1117000000", "preferredStockAndOtherAdjustments": "None"}, {"fiscalDateEnding": "2020-03-31", "reportedCurrency": "USD", "totalRevenue": "34320000000", "totalOperatingExpense": "33446000000", "costOfRevenue": "33443000000", "grossProfit": "877000000", "ebit": "-1599000000", "netIncome": "-1993000000", "researchAndDevelopment": "None", "effectOfAccountingCharges": "None", "incomeBeforeTax": "-1146000000", "minorityInterest": "48000000", "sellingGeneralAdministrative": "2432000000", "otherNonOperatingIncome": "-41000000", "operatingIncome": "-1558000000", "otherOperatingExpense": "35878000000", "interestExpense": "-227000000", "taxProvision": "847000000", "interestIncome": "-146000000", "netInterestIncome": "-88000000", "extraordinaryItems": "None", "nonRecurring": "None", "otherItems": "None", "incomeTaxExpense": "847000000", "totalOtherIncomeExpense": "500000000", "discontinuedOperations": "None", "netIncomeFromContinuingOperations": "-1993000000", "netIncomeApplicableToCommonShares": "-1993000000", "preferredStockAndOtherAdjustments": "None"}, {"fiscalDateEnding": "2019-12-31", "reportedCurrency": "USD", "totalRevenue": "39715000000", "totalOperatingExpense": "-17255000000", "costOfRevenue": "37175000000", "grossProfit": "2540000000", "ebit": "-153946000000", "netIncome": "-1672000000", "researchAndDevelopment": "None", "effectOfAccountingCharges": "None", "incomeBeforeTax": "-2436000000", "minorityInterest": "45000000", "sellingGeneralAdministrative": "2992000000", "otherNonOperatingIncome": "-64000000", "operatingIncome": "-458000000", "otherOperatingExpense": "None", "interestExpense": "708000000", "taxProvision": "-859000000", "interestIncome": "-86000000", "netInterestIncome": "-61000000", "extraordinaryItems": "-95000000", "nonRecurring": "None", "otherItems": "None", "incomeTaxExpense": "-764000000", "totalOtherIncomeExpense": "-1918000000", "discontinuedOperations": "None", "netIncomeFromContinuingOperations": "-1672000000", "netIncomeApplicableToCommonShares": "-1672000000", "preferredStockAndOtherAdjustments": "None"}, {"fiscalDateEnding": "2019-09-30", "reportedCurrency": "USD", "totalRevenue": "36990000000", "totalOperatingExpense": "34650000000", "costOfRevenue": "33851000000", "grossProfit": "3139000000", "ebit": "-277000000", "netIncome": "425000000", "researchAndDevelopment": "None", "effectOfAccountingCharges": "None", "incomeBeforeTax": "-19000000", "minorityInterest": "-2000000", "sellingGeneralAdministrative": "2601000000", "otherNonOperatingIncome": "-16000000", "operatingIncome": "-262000000", "otherOperatingExpense": "37251000000", "interestExpense": "-276000000", "taxProvision": "-442000000", "interestIncome": "148000000", "netInterestIncome": "-79000000", "extraordinaryItems": "None", "nonRecurring": "None", "otherItems": "None", "incomeTaxExpense": "-442000000", "totalOtherIncomeExpense": "321000000", "discontinuedOperations": "None", "netIncomeFromContinuingOperations": "423000000", "netIncomeApplicableToCommonShares": "425000000", "preferredStockAndOtherAdjustments": "None"}, {"fiscalDateEnding": "2019-06-30", "reportedCurrency": "USD", "totalRevenue": "38853000000", "totalOperatingExpense": "-2725000000", "costOfRevenue": "36038000000", "grossProfit": "2815000000", "ebit": "75322000000", "netIncome": "148000000", "researchAndDevelopment": "None", "effectOfAccountingCharges": "None", "incomeBeforeTax": "205000000", "minorityInterest": "2000000", "sellingGeneralAdministrative": "2725000000", "otherNonOperatingIncome": "87000000", "operatingIncome": "37000000", "otherOperatingExpense": "None", "interestExpense": "-244000000", "taxProvision": "55000000", "interestIncome": "-139000000", "netInterestIncome": "-38000000", "extraordinaryItems": "None", "nonRecurring": "None", "otherItems": "None", "incomeTaxExpense": "55000000", "totalOtherIncomeExpense": "153000000", "discontinuedOperations": "None", "netIncomeFromContinuingOperations": "150000000", "netIncomeApplicableToCommonShares": "148000000", "preferredStockAndOtherAdjustments": "None"}, {"fiscalDateEnding": "2019-03-31", "reportedCurrency": "USD", "totalRevenue": "40342000000", "totalOperatingExpense": "-5198000000", "costOfRevenue": "-33942000000", "grossProfit": "74284000000", "ebit": "79507000000", "netIncome": "1146000000", "researchAndDevelopment": "None", "effectOfAccountingCharges": "None", "incomeBeforeTax": "1610000000", "minorityInterest": "37000000", "sellingGeneralAdministrative": "-2843000000", "otherNonOperatingIncome": "25000000", "operatingIncome": "79482000000", "otherOperatingExpense": "-2355000000", "interestExpense": "-245000000", "taxProvision": "427000000", "interestIncome": "33000000", "netInterestIncome": "-62000000", "extraordinaryItems": "None", "nonRecurring": "None", "otherItems": "None", "incomeTaxExpense": "427000000", "totalOtherIncomeExpense": "470000000", "discontinuedOperations": "None", "netIncomeFromContinuingOperations": "1183000000", "netIncomeApplicableToCommonShares": "1146000000", "preferredStockAndOtherAdjustments": "None"}, {"fiscalDateEnding": "2018-12-31", "reportedCurrency": "USD", "totalRevenue": "50743000000", "totalOperatingExpense": "-12459000000", "costOfRevenue": "-28702000000", "grossProfit": "79445000000", "ebit": "91775000000", "netIncome": "-116000000", "researchAndDevelopment": "8200000000", "effectOfAccountingCharges": "0", "incomeBeforeTax": "-17000000", "minorityInterest": "4000000", "sellingGeneralAdministrative": "-2996000000", "otherNonOperatingIncome": "-129000000", "operatingIncome": "91904000000", "otherOperatingExpense": "-9463000000", "interestExpense": "-309000000", "taxProvision": "None", "interestIncome": "None", "netInterestIncome": "None", "extraordinaryItems": "123000000", "nonRecurring": "0", "otherItems": "0", "incomeTaxExpense": "95000000", "totalOtherIncomeExpense": "-420000000", "discontinuedOperations": "0", "netIncomeFromContinuingOperations": "-112000000", "netIncomeApplicableToCommonShares": "-116000000", "preferredStockAndOtherAdjustments": "None"}, {"fiscalDateEnding": "2018-09-30", "reportedCurrency": "USD", "totalRevenue": "34668000000", "totalOperatingExpense": "-2882000000", "costOfRevenue": "-33920000000", "grossProfit": "68588000000", "ebit": "71438000000", "netIncome": "991000000", "researchAndDevelopment": "0", "effectOfAccountingCharges": "0", "incomeBeforeTax": "1094000000", "minorityInterest": "2000000", "sellingGeneralAdministrative": "-2882000000", "otherNonOperatingIncome": "-32000000", "operatingIncome": "71470000000", "otherOperatingExpense": "0", "interestExpense": "-343000000", "taxProvision": "None", "interestIncome": "None", "netInterestIncome": "None", "extraordinaryItems": "0", "nonRecurring": "0", "otherItems": "0", "incomeTaxExpense": "101000000", "totalOtherIncomeExpense": "-242000000", "discontinuedOperations": "0", "netIncomeFromContinuingOperations": "993000000", "netIncomeApplicableToCommonShares": "991000000", "preferredStockAndOtherAdjustments": "None"}, {"fiscalDateEnding": "2018-06-30", "reportedCurrency": "USD", "totalRevenue": "35911000000", "totalOperatingExpense": "-2778000000", "costOfRevenue": "-35556000000", "grossProfit": "71467000000", "ebit": "74305000000", "netIncome": "1066000000", "researchAndDevelopment": "0", "effectOfAccountingCharges": "0", "incomeBeforeTax": "1349000000", "minorityInterest": "3000000", "sellingGeneralAdministrative": "-2778000000", "otherNonOperatingIncome": "60000000", "operatingIncome": "74245000000", "otherOperatingExpense": "0", "interestExpense": "-287000000", "taxProvision": "None", "interestIncome": "None", "netInterestIncome": "None", "extraordinaryItems": "0", "nonRecurring": "0", "otherItems": "0", "incomeTaxExpense": "280000000", "totalOtherIncomeExpense": "765000000", "discontinuedOperations": "0", "netIncomeFromContinuingOperations": "1069000000", "netIncomeApplicableToCommonShares": "1066000000", "preferredStockAndOtherAdjustments": "None"}, {"fiscalDateEnding": "2018-03-31", "reportedCurrency": "USD", "totalRevenue": "39016000000", "totalOperatingExpense": "-2747000000", "costOfRevenue": "-38091000000", "grossProfit": "77107000000", "ebit": "80078000000", "netIncome": "1736000000", "researchAndDevelopment": "0", "effectOfAccountingCharges": "0", "incomeBeforeTax": "1919000000", "minorityInterest": "9000000", "sellingGeneralAdministrative": "-2747000000", "otherNonOperatingIncome": "224000000", "operatingIncome": "79854000000", "otherOperatingExpense": "0", "interestExpense": "-289000000", "taxProvision": "None", "interestIncome": "None", "netInterestIncome": "None", "extraordinaryItems": "0", "nonRecurring": "0", "otherItems": "0", "incomeTaxExpense": "174000000", "totalOtherIncomeExpense": "285000000", "discontinuedOperations": "0", "netIncomeFromContinuingOperations": "1745000000", "netIncomeApplicableToCommonShares": "1736000000", "preferredStockAndOtherAdjustments": "None"}, {"fiscalDateEnding": "2017-12-31", "reportedCurrency": "USD", "totalRevenue": "38422000000", "totalOperatingExpense": "-3088000000", "costOfRevenue": "-37369000000", "grossProfit": "75791000000", "ebit": "79145000000", "netIncome": "2409000000", "researchAndDevelopment": "8000000000", "effectOfAccountingCharges": "0", "incomeBeforeTax": "1889000000", "minorityInterest": "4000000", "sellingGeneralAdministrative": "-3088000000", "otherNonOperatingIncome": "266000000", "operatingIncome": "78879000000", "otherOperatingExpense": "0", "interestExpense": "-293000000", "taxProvision": "None", "interestIncome": "None", "netInterestIncome": "None", "extraordinaryItems": "0", "nonRecurring": "0", "otherItems": "0", "incomeTaxExpense": "-524000000", "totalOtherIncomeExpense": "1339000000", "discontinuedOperations": "0", "netIncomeFromContinuingOperations": "2413000000", "netIncomeApplicableToCommonShares": "2409000000", "preferredStockAndOtherAdjustments": "None"}, {"fiscalDateEnding": "2017-09-30", "reportedCurrency": "USD", "totalRevenue": "33649000000", "totalOperatingExpense": "-2919000000", "costOfRevenue": "-32561000000", "grossProfit": "66210000000", "ebit": "69445000000", "netIncome": "1564000000", "researchAndDevelopment": "0", "effectOfAccountingCharges": "0", "incomeBeforeTax": "1757000000", "minorityInterest": "7000000", "sellingGeneralAdministrative": "-2919000000", "otherNonOperatingIncome": "316000000", "operatingIncome": "69129000000", "otherOperatingExpense": "0", "interestExpense": "-284000000", "taxProvision": "None", "interestIncome": "None", "netInterestIncome": "None", "extraordinaryItems": "0", "nonRecurring": "0", "otherItems": "0", "incomeTaxExpense": "186000000", "totalOtherIncomeExpense": "0", "discontinuedOperations": "0", "netIncomeFromContinuingOperations": "1571000000", "netIncomeApplicableToCommonShares": "1564000000", "preferredStockAndOtherAdjustments": "None"}, {"fiscalDateEnding": "2017-06-30", "reportedCurrency": "USD", "totalRevenue": "37115000000", "totalOperatingExpense": "-2756000000", "costOfRevenue": "-35566000000", "grossProfit": "72681000000", "ebit": "75710000000", "netIncome": "2042000000", "researchAndDevelopment": "0", "effectOfAccountingCharges": "0", "incomeBeforeTax": "2259000000", "minorityInterest": "8000000", "sellingGeneralAdministrative": "-2756000000", "otherNonOperatingIncome": "273000000", "operatingIncome": "75437000000", "otherOperatingExpense": "0", "interestExpense": "-277000000", "taxProvision": "None", "interestIncome": "None", "netInterestIncome": "None", "extraordinaryItems": "0", "nonRecurring": "0", "otherItems": "0", "incomeTaxExpense": "209000000", "totalOtherIncomeExpense": "0", "discontinuedOperations": "0", "netIncomeFromContinuingOperations": "2050000000", "netIncomeApplicableToCommonShares": "2042000000", "preferredStockAndOtherAdjustments": "None"}, {"fiscalDateEnding": "2017-03-31", "reportedCurrency": "USD", "totalRevenue": "36477000000", "totalOperatingExpense": "-2764000000", "costOfRevenue": "-34940000000", "grossProfit": "71417000000", "ebit": "74527000000", "netIncome": "1587000000", "researchAndDevelopment": "0", "effectOfAccountingCharges": "0", "incomeBeforeTax": "2243000000", "minorityInterest": "7000000", "sellingGeneralAdministrative": "-2764000000", "otherNonOperatingIncome": "346000000", "operatingIncome": "74181000000", "otherOperatingExpense": "0", "interestExpense": "-279000000", "taxProvision": "None", "interestIncome": "None", "netInterestIncome": "None", "extraordinaryItems": "0", "nonRecurring": "0", "otherItems": "0", "incomeTaxExpense": "649000000", "totalOtherIncomeExpense": "0", "discontinuedOperations": "0", "netIncomeFromContinuingOperations": "1594000000", "netIncomeApplicableToCommonShares": "1587000000", "preferredStockAndOtherAdjustments": "None"}, {"fiscalDateEnding": "2016-12-31", "reportedCurrency": "USD", "totalRevenue": "28401000000", "totalOperatingExpense": "-7247000000", "costOfRevenue": "-99531000000", "grossProfit": "127932000000", "ebit": "135617000000", "netIncome": "-783000000", "researchAndDevelopment": "7300000000", "effectOfAccountingCharges": "0", "incomeBeforeTax": "-1117000000", "minorityInterest": "2000000", "sellingGeneralAdministrative": "-10823000000", "otherNonOperatingIncome": "438000000", "operatingIncome": "135179000000", "otherOperatingExpense": "0", "interestExpense": "-1302000000", "taxProvision": "None", "interestIncome": "None", "netInterestIncome": "None", "extraordinaryItems": "0", "nonRecurring": "0", "otherItems": "0", "incomeTaxExpense": "-336000000", "totalOtherIncomeExpense": "2209000000", "discontinuedOperations": "0", "netIncomeFromContinuingOperations": "-781000000", "netIncomeApplicableToCommonShares": "-783000000", "preferredStockAndOtherAdjustments": "None"}, {"fiscalDateEnding": "2016-09-30", "reportedCurrency": "USD", "totalRevenue": "35943000000", "totalOperatingExpense": "-2535000000", "costOfRevenue": "-32646000000", "grossProfit": "68589000000", "ebit": "71527000000", "netIncome": "957000000", "researchAndDevelopment": "0", "effectOfAccountingCharges": "0", "incomeBeforeTax": "1387000000", "minorityInterest": "4000000", "sellingGeneralAdministrative": "-2535000000", "otherNonOperatingIncome": "403000000", "operatingIncome": "71124000000", "otherOperatingExpense": "0", "interestExpense": "-238000000", "taxProvision": "None", "interestIncome": "None", "netInterestIncome": "None", "extraordinaryItems": "0", "nonRecurring": "0", "otherItems": "0", "incomeTaxExpense": "426000000", "totalOtherIncomeExpense": "0", "discontinuedOperations": "0", "netIncomeFromContinuingOperations": "961000000", "netIncomeApplicableToCommonShares": "957000000", "preferredStockAndOtherAdjustments": "None"}, {"fiscalDateEnding": "2016-06-30", "reportedCurrency": "USD", "totalRevenue": "39485000000", "totalOperatingExpense": "-2661000000", "costOfRevenue": "-34606000000", "grossProfit": "74091000000", "ebit": "77150000000", "netIncome": "1970000000", "researchAndDevelopment": "0", "effectOfAccountingCharges": "0", "incomeBeforeTax": "2875000000", "minorityInterest": "2000000", "sellingGeneralAdministrative": "-2661000000", "otherNonOperatingIncome": "398000000", "operatingIncome": "76752000000", "otherOperatingExpense": "0", "interestExpense": "-212000000", "taxProvision": "None", "interestIncome": "None", "netInterestIncome": "None", "extraordinaryItems": "0", "nonRecurring": "0", "otherItems": "0", "incomeTaxExpense": "903000000", "totalOtherIncomeExpense": "0", "discontinuedOperations": "0", "netIncomeFromContinuingOperations": "1972000000", "netIncomeApplicableToCommonShares": "1970000000", "preferredStockAndOtherAdjustments": "None"}, {"fiscalDateEnding": "2016-03-31", "reportedCurrency": "USD", "totalRevenue": "75436000000", "totalOperatingExpense": "-247000000", "costOfRevenue": "29267000000", "grossProfit": "46169000000", "ebit": "46957000000", "netIncome": "2452000000", "researchAndDevelopment": "0", "effectOfAccountingCharges": "0", "incomeBeforeTax": "3651000000", "minorityInterest": "3000000", "sellingGeneralAdministrative": "3823000000", "otherNonOperatingIncome": "541000000", "operatingIncome": "46416000000", "otherOperatingExpense": "-141000000", "interestExpense": "-858000000", "taxProvision": "None", "interestIncome": "None", "netInterestIncome": "None", "extraordinaryItems": "0", "nonRecurring": "0", "otherItems": "0", "incomeTaxExpense": "1196000000", "totalOtherIncomeExpense": "0", "discontinuedOperations": "0", "netIncomeFromContinuingOperations": "2455000000", "netIncomeApplicableToCommonShares": "2452000000", "preferredStockAndOtherAdjustments": "None"}, {"fiscalDateEnding": "2015-12-31", "reportedCurrency": "USD", "totalRevenue": "6351000000", "totalOperatingExpense": "-623000000", "costOfRevenue": "-93290000000", "grossProfit": "99641000000", "ebit": "100845000000", "netIncome": "2655000000", "researchAndDevelopment": "6700000000", "effectOfAccountingCharges": "0", "incomeBeforeTax": "3120000000", "minorityInterest": "-4000000", "sellingGeneralAdministrative": "-11159000000", "otherNonOperatingIncome": "581000000", "operatingIncome": "100264000000", "otherOperatingExpense": "-192000000", "interestExpense": "-2444000000", "taxProvision": "None", "interestIncome": "None", "netInterestIncome": "None", "extraordinaryItems": "0", "nonRecurring": "0", "otherItems": "0", "incomeTaxExpense": "469000000", "totalOtherIncomeExpense": "2201000000", "discontinuedOperations": "0", "netIncomeFromContinuingOperations": "2651000000", "netIncomeApplicableToCommonShares": "2655000000", "preferredStockAndOtherAdjustments": "None"}, {"fiscalDateEnding": "2015-09-30", "reportedCurrency": "USD", "totalRevenue": "38144000000", "totalOperatingExpense": "-237000000", "costOfRevenue": "-32449000000", "grossProfit": "70593000000", "ebit": "71144000000", "netIncome": "1909000000", "researchAndDevelopment": "0", "effectOfAccountingCharges": "0", "incomeBeforeTax": "2859000000", "minorityInterest": "-1000000", "sellingGeneralAdministrative": "-3731000000", "otherNonOperatingIncome": "314000000", "operatingIncome": "70830000000", "otherOperatingExpense": "-120000000", "interestExpense": "-798000000", "taxProvision": "None", "interestIncome": "None", "netInterestIncome": "None", "extraordinaryItems": "0", "nonRecurring": "0", "otherItems": "0", "incomeTaxExpense": "950000000", "totalOtherIncomeExpense": "0", "discontinuedOperations": "0", "netIncomeFromContinuingOperations": "1909000000", "netIncomeApplicableToCommonShares": "1909000000", "preferredStockAndOtherAdjustments": "None"}, {"fiscalDateEnding": "2015-06-30", "reportedCurrency": "USD", "totalRevenue": "74526000000", "totalOperatingExpense": "174000000", "costOfRevenue": "-29744000000", "grossProfit": "104270000000", "ebit": "104582000000", "netIncome": "1885000000", "researchAndDevelopment": "0", "effectOfAccountingCharges": "0", "incomeBeforeTax": "2868000000", "minorityInterest": "1000000", "sellingGeneralAdministrative": "-3718000000", "otherNonOperatingIncome": "486000000", "operatingIncome": "104096000000", "otherOperatingExpense": "-106000000", "interestExpense": "797000000", "taxProvision": "None", "interestIncome": "None", "netInterestIncome": "None", "extraordinaryItems": "0", "nonRecurring": "0", "otherItems": "0", "incomeTaxExpense": "982000000", "totalOtherIncomeExpense": "0", "discontinuedOperations": "0", "netIncomeFromContinuingOperations": "1886000000", "netIncomeApplicableToCommonShares": "1885000000", "preferredStockAndOtherAdjustments": "None"}]}